<?xml version = "1.0" encoding = "UTF-8"?><OAI-PMH xmlns="http://www.openarchives.org/OAI/2.0/" xmlns:xsi="http://www.w3.org/2001/XMLSchema-instance" xsi:schemaLocation="http://www.openarchives.org/OAI/2.0/ http://www.openarchives.org/OAI/2.0/OAI-PMH.xsd"><ListRecords><record><header><identifier>aleph-publish:037652256</identifier></header><metadata><record xmlns="http://www.ddb.de/professionell/mabxml/mabxml-1.xsd"><leader>------M2.01200024------h</leader><controlfield tag="LDR">------M2.01200024------h</controlfield><controlfield tag="FMT">MH</controlfield><datafield tag="001" ind1="-" ind2="1"><subfield code="a">HT021463169</subfield></datafield><datafield tag="002" ind1="a" ind2="1"><subfield code="a">20220830</subfield></datafield><datafield tag="003" ind1="-" ind2="1"><subfield code="a">20220831112000.0</subfield></datafield><datafield tag="026" ind1="-" ind2="1"><subfield code="a">HBZHT021463169</subfield></datafield><controlfield tag="030">a|zur||||||17</controlfield><datafield tag="036" ind1="a" ind2="1"><subfield code="a">KR</subfield></datafield><datafield tag="037" ind1="b" ind2="1"><subfield code="a">kor</subfield><subfield code="a">lat</subfield></datafield><datafield tag="038" ind1="b" ind2="1"><subfield code="a">lat</subfield></datafield><controlfield tag="050">a|||||||||||||</controlfield><controlfield tag="051">m|||||||</controlfield><datafield tag="060" ind1="-" ind2="1"><subfield code="b">txt</subfield><subfield code="a">Text</subfield></datafield><datafield tag="061" ind1="-" ind2="1"><subfield code="b">n</subfield><subfield code="a">ohne Hilfsmittel zu benutzen</subfield></datafield><datafield tag="062" ind1="-" ind2="1"><subfield code="b">nc</subfield><subfield code="a">Band</subfield></datafield><datafield tag="064" ind1="a" ind2="1"><subfield code="a">Quelle</subfield><subfield code="9">(DE-588)4135952-5</subfield></datafield><datafield tag="064" ind1="a" ind2="1"><subfield code="a">Übersetzung</subfield></datafield><datafield tag="070" ind1="-" ind2="1"><subfield code="a">38/432</subfield></datafield><datafield tag="070" ind1="b" ind2="1"><subfield code="a">38/432</subfield></datafield><datafield tag="078" ind1="f" ind2="1"><subfield code="a">korea</subfield></datafield><datafield tag="080" ind1="-" ind2="1"><subfield code="a">60</subfield></datafield><datafield tag="100" ind1="-" ind2="1"><subfield code="p">Thomas</subfield><subfield code="c">von Aquin, Heiliger</subfield><subfield code="d">1225-1274</subfield><subfield code="4">aut</subfield><subfield code="3">Verfasser</subfield><subfield code="9">(DE-588)118622110</subfield></datafield><datafield tag="101" ind1="-" ind2="1"><subfield code="p">Thomas</subfield><subfield code="c">von Aquin</subfield><subfield code="d">1225-1274</subfield></datafield><datafield tag="101" ind1="-" ind2="1"><subfield code="p">Thomas</subfield><subfield code="c">de Aquino, Heiliger</subfield><subfield code="d">1225-1274</subfield></datafield><datafield tag="101" ind1="-" ind2="1"><subfield code="p">Thomas</subfield><subfield code="c">de Aquino</subfield><subfield code="d">1225-1274</subfield></datafield><datafield tag="101" ind1="-" ind2="1"><subfield code="p">Thomas</subfield><subfield code="c">ab Aquino, Heiliger</subfield><subfield code="d">1225-1274</subfield></datafield><datafield tag="101" ind1="-" ind2="1"><subfield code="p">Thomas</subfield><subfield code="c">ab Aquino</subfield><subfield code="d">1225-1274</subfield></datafield><datafield tag="101" ind1="-" ind2="1"><subfield code="p">Doctor Angelicus</subfield><subfield code="d">1225-1274</subfield></datafield><datafield tag="101" ind1="-" ind2="1"><subfield code="p">Dottore angelico</subfield><subfield code="d">1225-1274</subfield></datafield><datafield tag="101" ind1="-" ind2="1"><subfield code="p">Thomas</subfield><subfield code="c">Akinatos, Heiliger</subfield><subfield code="d">1225-1274</subfield></datafield><datafield tag="101" ind1="-" ind2="1"><subfield code="p">Thomas</subfield><subfield code="c">Akuinatos, Heiliger</subfield><subfield code="d">1225-1274</subfield></datafield><datafield tag="101" ind1="-" ind2="1"><subfield code="p">Thomas</subfield><subfield code="c">Aquinatus, Heiliger</subfield><subfield code="d">1225-1274</subfield></datafield><datafield tag="101" ind1="-" ind2="1"><subfield code="p">Thomas</subfield><subfield code="c">Aquinas, Heiliger</subfield><subfield code="d">1225-1274</subfield></datafield><datafield tag="101" ind1="-" ind2="1"><subfield code="p">Thomas</subfield><subfield code="c">Aquinus, Heiliger</subfield><subfield code="d">1225-1274</subfield></datafield><datafield tag="101" ind1="-" ind2="1"><subfield code="p">Thomas</subfield><subfield code="c">Aquinatus, Sanctus</subfield><subfield code="d">1225-1274</subfield></datafield><datafield tag="101" ind1="-" ind2="1"><subfield code="p">Thōmas</subfield><subfield code="c">Akinatos, Heiliger</subfield><subfield code="d">1225-1274</subfield></datafield><datafield tag="101" ind1="-" ind2="1"><subfield code="p">Tommaso</subfield><subfield code="c">d&apos;Aquino, Heiliger</subfield><subfield code="d">1225-1274</subfield></datafield><datafield tag="101" ind1="-" ind2="1"><subfield code="p">Thomas</subfield><subfield code="c">von Aquino, Heiliger</subfield><subfield code="d">1225-1274</subfield></datafield><datafield tag="101" ind1="-" ind2="1"><subfield code="p">Thomas</subfield><subfield code="c">von Aquino</subfield><subfield code="d">1225-1274</subfield></datafield><datafield tag="101" ind1="-" ind2="1"><subfield code="p">Thomas</subfield><subfield code="c">Aquinatis, Heiliger</subfield><subfield code="d">1225-1274</subfield></datafield><datafield tag="101" ind1="-" ind2="1"><subfield code="p">Thomas</subfield><subfield code="c">d&apos;Aquin, Heiliger</subfield><subfield code="d">1225-1274</subfield></datafield><datafield tag="101" ind1="-" ind2="1"><subfield code="p">Thomas</subfield><subfield code="c">d&apos;Aquin, Saint</subfield><subfield code="d">1225-1274</subfield></datafield><datafield tag="101" ind1="-" ind2="1"><subfield code="p">Thomas</subfield><subfield code="c">de Aquinas, Heiliger</subfield><subfield code="d">1225-1274</subfield></datafield><datafield tag="101" ind1="-" ind2="1"><subfield code="p">Thomas</subfield><subfield code="c">Camisensis, Heiliger</subfield><subfield code="d">1225-1274</subfield></datafield><datafield tag="101" ind1="-" ind2="1"><subfield code="p">Tomás</subfield><subfield code="c">de Aquino, Heiliger</subfield><subfield code="d">1225-1274</subfield></datafield><datafield tag="101" ind1="-" ind2="1"><subfield code="p">Tomasz</subfield><subfield code="c">z Akwinu, Heiliger</subfield><subfield code="d">1225-1274</subfield></datafield><datafield tag="101" ind1="-" ind2="1"><subfield code="p">Thomas</subfield><subfield code="c">ho Akinatas, Heiliger</subfield><subfield code="d">1225-1274</subfield></datafield><datafield tag="101" ind1="-" ind2="1"><subfield code="p">Thomas</subfield><subfield code="c">Daqui, Heiliger</subfield><subfield code="d">1225-1274</subfield></datafield><datafield tag="101" ind1="-" ind2="1"><subfield code="p">Tommaso</subfield><subfield code="c">d&apos;Aquino, San</subfield><subfield code="d">1225-1274</subfield></datafield><datafield tag="101" ind1="-" ind2="1"><subfield code="p">Tommaso</subfield><subfield code="c">d&apos;Aquino</subfield><subfield code="d">1225-1274</subfield></datafield><datafield tag="101" ind1="-" ind2="1"><subfield code="p">Thomas</subfield><subfield code="c">Aquinas, Saint</subfield><subfield code="d">1225-1274</subfield></datafield><datafield tag="101" ind1="-" ind2="1"><subfield code="p">Tomás</subfield><subfield code="c">de Aquino, Santo</subfield><subfield code="d">1225-1274</subfield></datafield><datafield tag="101" ind1="-" ind2="1"><subfield code="p">Tūmā al-Akwīnī</subfield><subfield code="c">Heiliger</subfield><subfield code="d">1225-1274</subfield></datafield><datafield tag="101" ind1="-" ind2="1"><subfield code="p">Thomas</subfield><subfield code="c">Beatus</subfield><subfield code="d">1225-1274</subfield></datafield><datafield tag="101" ind1="-" ind2="1"><subfield code="p">Aquinatus, Thomas</subfield><subfield code="c">Heiliger</subfield><subfield code="d">1225-1274</subfield></datafield><datafield tag="101" ind1="-" ind2="1"><subfield code="p">Aquin, Thomas</subfield><subfield code="c">von, Heiliger</subfield><subfield code="d">1225-1274</subfield></datafield><datafield tag="101" ind1="-" ind2="1"><subfield code="p">Aquino, Thomas</subfield><subfield code="c">von, Heiliger</subfield><subfield code="d">1225-1274</subfield></datafield><datafield tag="101" ind1="-" ind2="1"><subfield code="p">Aquinas, Thomas</subfield><subfield code="c">de, Heiliger</subfield><subfield code="d">1225-1274</subfield></datafield><datafield tag="101" ind1="-" ind2="1"><subfield code="p">Aquino, Tommaso</subfield><subfield code="c">d&apos;, Heiliger</subfield><subfield code="d">1225-1274</subfield></datafield><datafield tag="101" ind1="-" ind2="1"><subfield code="p">Aquino, Thomas</subfield><subfield code="c">de, Heiliger</subfield><subfield code="d">1225-1274</subfield></datafield><datafield tag="101" ind1="-" ind2="1"><subfield code="p">Aquino, Tomás</subfield><subfield code="c">de, Heiliger</subfield><subfield code="d">1225-1274</subfield></datafield><datafield tag="101" ind1="-" ind2="1"><subfield code="p">Aquinas, Thomas</subfield><subfield code="c">Heiliger</subfield><subfield code="d">1225-1274</subfield></datafield><datafield tag="101" ind1="-" ind2="1"><subfield code="p">Aquinas, Thomas</subfield><subfield code="c">Saint</subfield><subfield code="d">1225-1274</subfield></datafield><datafield tag="101" ind1="-" ind2="1"><subfield code="p">Aquino, Tommaso Niccolò</subfield><subfield code="c">d&apos;, Heiliger</subfield><subfield code="d">1225-1274</subfield></datafield><datafield tag="101" ind1="-" ind2="1"><subfield code="p">Aquino, Tommaso N.</subfield><subfield code="c">d&apos;, Heiliger</subfield><subfield code="d">1225-1274</subfield></datafield><datafield tag="101" ind1="-" ind2="1"><subfield code="p">Akvinskij, Foma</subfield><subfield code="c">Heiliger</subfield><subfield code="d">1225-1274</subfield></datafield><datafield tag="101" ind1="-" ind2="1"><subfield code="p">Aquinas</subfield><subfield code="c">Heiliger</subfield><subfield code="d">1225-1274</subfield></datafield><datafield tag="101" ind1="-" ind2="1"><subfield code="p">Akwīnī, Tūmā</subfield><subfield code="c">al-, Heiliger</subfield><subfield code="d">1225-1274</subfield></datafield><datafield tag="101" ind1="-" ind2="1"><subfield code="p">Foma</subfield><subfield code="c">Akvinskij, Heiliger</subfield><subfield code="d">1225-1274</subfield></datafield><datafield tag="101" ind1="-" ind2="1"><subfield code="p">Daqui, Thomas</subfield><subfield code="c">Seut</subfield><subfield code="d">1225-1274</subfield></datafield><datafield tag="101" ind1="-" ind2="1"><subfield code="p">Pseudo-Thomas</subfield><subfield code="c">von Aquin</subfield><subfield code="d">1225-1274</subfield></datafield><datafield tag="101" ind1="-" ind2="1"><subfield code="p">Pseudo-Thomas</subfield><subfield code="c">Aquinas</subfield><subfield code="d">1225-1274</subfield></datafield><datafield tag="101" ind1="-" ind2="1"><subfield code="p">Pseudo-Thomas</subfield><subfield code="c">de Aquino</subfield><subfield code="d">1225-1274</subfield></datafield><datafield tag="101" ind1="-" ind2="1"><subfield code="p">Thomas</subfield><subfield code="c">Aquinas, Saint</subfield><subfield code="d">1225-1274</subfield></datafield><datafield tag="101" ind1="-" ind2="1"><subfield code="p">Ak&apos;vineli, T&apos;oma</subfield><subfield code="c">Saint</subfield><subfield code="d">1225-1274</subfield></datafield><datafield tag="101" ind1="-" ind2="1"><subfield code="p">Akvinietis, Tomas</subfield><subfield code="c">Saint</subfield><subfield code="d">1225-1274</subfield></datafield><datafield tag="101" ind1="-" ind2="1"><subfield code="p">Akvinskii, Foma</subfield><subfield code="c">Saint</subfield><subfield code="d">1225-1274</subfield></datafield><datafield tag="101" ind1="-" ind2="1"><subfield code="p">Aquinas</subfield><subfield code="d">1225-1274</subfield></datafield><datafield tag="101" ind1="-" ind2="1"><subfield code="p">Aquinas, Thomas</subfield><subfield code="c">Saint</subfield><subfield code="d">1225-1274</subfield></datafield><datafield tag="101" ind1="-" ind2="1"><subfield code="p">Foma</subfield><subfield code="c">Akvinskiĭ, Saint</subfield><subfield code="d">1225-1274</subfield></datafield><datafield tag="101" ind1="-" ind2="1"><subfield code="p">Thomas</subfield><subfield code="c">Aquinas, Saint</subfield><subfield code="d">1225-1274</subfield></datafield><datafield tag="101" ind1="-" ind2="1"><subfield code="p">Thomas</subfield><subfield code="c">av Aquino, Saint</subfield><subfield code="d">1225-1274</subfield></datafield><datafield tag="101" ind1="-" ind2="1"><subfield code="p">Thomas</subfield><subfield code="c">d&apos;Aquin, Saint</subfield><subfield code="d">1225-1274</subfield></datafield><datafield tag="101" ind1="-" ind2="1"><subfield code="p">Thomas</subfield><subfield code="c">von Aquin, Saint</subfield><subfield code="d">1225-1274</subfield></datafield><datafield tag="101" ind1="-" ind2="1"><subfield code="p">T&apos;oma</subfield><subfield code="c">Ak&apos;vineli, Saint</subfield><subfield code="d">1225-1274</subfield></datafield><datafield tag="101" ind1="-" ind2="1"><subfield code="p">Toma</subfield><subfield code="c">Akvinski, Saint</subfield><subfield code="d">1225-1274</subfield></datafield><datafield tag="101" ind1="-" ind2="1"><subfield code="p">Toma</subfield><subfield code="c">Akvinskii, Saint</subfield><subfield code="d">1225-1274</subfield></datafield><datafield tag="101" ind1="-" ind2="1"><subfield code="p">Toma</subfield><subfield code="c">Akvins&apos;kyi, Saint</subfield><subfield code="d">1225-1274</subfield></datafield><datafield tag="101" ind1="-" ind2="1"><subfield code="p">Toma</subfield><subfield code="c">ot Akvino, Saint</subfield><subfield code="d">1225-1274</subfield></datafield><datafield tag="101" ind1="-" ind2="1"><subfield code="p">Tomas</subfield><subfield code="c">Akvinietis, Saint</subfield><subfield code="d">1225-1274</subfield></datafield><datafield tag="101" ind1="-" ind2="1"><subfield code="p">Tomas</subfield><subfield code="c">de Aquino, Saint</subfield><subfield code="d">1225-1274</subfield></datafield><datafield tag="101" ind1="-" ind2="1"><subfield code="p">Tomasu</subfield><subfield code="c">Akuinasu, Saint</subfield><subfield code="d">1225-1274</subfield></datafield><datafield tag="101" ind1="-" ind2="1"><subfield code="p">Tomasu</subfield><subfield code="c">Akwinasu, Saint</subfield><subfield code="d">1225-1274</subfield></datafield><datafield tag="101" ind1="-" ind2="1"><subfield code="p">Tomasz</subfield><subfield code="c">Akwinu, Saint</subfield><subfield code="d">1225-1274</subfield></datafield><datafield tag="101" ind1="-" ind2="1"><subfield code="p">Tommaso</subfield><subfield code="c">d&apos;Aquino, Saint</subfield><subfield code="d">1225-1274</subfield></datafield><datafield tag="101" ind1="-" ind2="1"><subfield code="p">T&apos;ovma</subfield><subfield code="c">Ak&apos;uinats&apos;i Saint</subfield><subfield code="d">1225-1274</subfield></datafield><datafield tag="101" ind1="-" ind2="1"><subfield code="p">Thomas</subfield><subfield code="c">&apos;o Akinatos, Saint</subfield><subfield code="d">1225-1274</subfield></datafield><datafield tag="101" ind1="-" ind2="1"><subfield code="p">Thomas</subfield><subfield code="c">&apos;o Akinates, Saint</subfield><subfield code="d">1225-1274</subfield></datafield><datafield tag="101" ind1="-" ind2="1"><subfield code="p">Thomas</subfield><subfield code="c">&apos;o Akuinatos, Saint</subfield><subfield code="d">1225-1274</subfield></datafield><datafield tag="101" ind1="-" ind2="1"><subfield code="p">Thomas</subfield><subfield code="c">&apos;o Akuinates, Saint</subfield><subfield code="d">1225-1274</subfield></datafield><datafield tag="101" ind1="-" ind2="1"><subfield code="p">Tomás</subfield><subfield code="c">de Aquino, Saint</subfield><subfield code="d">1225-1274</subfield></datafield><datafield tag="101" ind1="-" ind2="1"><subfield code="p">Aquin, Thomas &lt;&lt;von&gt;&gt;</subfield><subfield code="d">1225-1274</subfield></datafield><datafield tag="101" ind1="-" ind2="1"><subfield code="p">Aquino, Thomas &lt;&lt;von&gt;&gt;</subfield><subfield code="d">1225-1274</subfield></datafield><datafield tag="101" ind1="-" ind2="1"><subfield code="p">Тома</subfield><subfield code="c">Аквінський, Saint</subfield><subfield code="d">1225-1274</subfield></datafield><datafield tag="101" ind1="-" ind2="1"><subfield code="p">Pתומאס אקווינאס</subfield><subfield code="d">1225-1274</subfield></datafield><datafield tag="101" ind1="-" ind2="1"><subfield code="p">Pתומס אקווינס</subfield><subfield code="d">1225-1274</subfield></datafield><datafield tag="101" ind1="-" ind2="1"><subfield code="p">اكويني ، توما</subfield><subfield code="d">1225-1274</subfield></datafield><datafield tag="101" ind1="-" ind2="1"><subfield code="U">Hant</subfield><subfield code="p">阿奎那, 聖托馬斯</subfield><subfield code="d">1225-1274</subfield></datafield><datafield tag="104" ind1="b" ind2="1"><subfield code="p">Park, Seung-Chan</subfield><subfield code="4">trl</subfield><subfield code="3">Übersetzer</subfield><subfield code="4">win</subfield><subfield code="3">Verfasser einer Einleitung</subfield><subfield code="4">oth</subfield><subfield code="3">Sonstige</subfield><subfield code="9">(DE-588)122072251</subfield></datafield><datafield tag="303" ind1="-" ind2="1"><subfield code="p">Thomas</subfield><subfield code="c">von Aquin, Heiliger</subfield><subfield code="d">1225-1274</subfield><subfield code="t">De ente et essentia</subfield><subfield code="9">(DE-588)4117209-7</subfield></datafield><datafield tag="331" ind1="-" ind2="1"><subfield code="a">De Ente et essentia</subfield></datafield><datafield tag="C31" ind1="-" ind2="1"><subfield code="a">존재자와 본질</subfield><subfield code="6">Kore</subfield></datafield><datafield tag="359" ind1="-" ind2="1"><subfield code="a">Thomas von Aquin; Übersetzt von Seung-Chan Park</subfield></datafield><datafield tag="C59" ind1="-" ind2="1"><subfield code="a">토마스 아퀴나스 지음 ; 박승찬 옮김</subfield><subfield code="6">Kore</subfield></datafield><datafield tag="377" ind1="-" ind2="1"><subfield code="a">Existenz und Wesen</subfield><subfield code="y">ger</subfield></datafield><datafield tag="419" ind1="-" ind2="1"><subfield code="a">Seoul</subfield><subfield code="b">Gil</subfield><subfield code="c">[31. März 2021]</subfield></datafield><datafield tag="419" ind1="d" ind2="1"><subfield code="c">©2021</subfield></datafield><datafield tag="D19" ind1="-" ind2="1"><subfield code="a">서울</subfield><subfield code="b">길</subfield><subfield code="6">Kore</subfield></datafield><datafield tag="425" ind1="a" ind2="1"><subfield code="a">2021</subfield></datafield><datafield tag="433" ind1="-" ind2="1"><subfield code="a">484 S.</subfield></datafield><datafield tag="434" ind1="-" ind2="1"><subfield code="a">Illustrationen (S. 5-8)</subfield></datafield><datafield tag="435" ind1="-" ind2="1"><subfield code="a">16,1 x 23,2 x 3,5 cm</subfield></datafield><datafield tag="451" ind1="-" ind2="1"><subfield code="a">Cogito ; 44 (= Klassiker der Weltgeschichte)</subfield></datafield><datafield tag="D51" ind1="-" ind2="1"><subfield code="a">코기토 총서 ; 044. 세계사상의 고전</subfield><subfield code="6">Kore</subfield></datafield><datafield tag="455" ind1="-" ind2="1"><subfield code="a">044</subfield></datafield><datafield tag="456" ind1="-" ind2="1"><subfield code="a">44</subfield></datafield><datafield tag="501" ind1="-" ind2="1"><subfield code="a">enthält bibliographische Angaben sowie ein Namens- und Sachverzeichnis</subfield></datafield><datafield tag="516" ind1="a" ind2="1"><subfield code="a">lateinischer Originaltext mit koreanischer Übersetzung und Einleitung</subfield></datafield><datafield tag="516" ind1="b" ind2="1"><subfield code="a">lateinische und koreanische Schrift</subfield></datafield><datafield tag="E21" ind1="-" ind2="1"><subfield code="t">토마스 아퀴나스는 단순히 서양 중세 철학을 대표하는 철학자로 자리매김하기에는 너무나 큰 사상적 거장임에 분명하다. 무엇보다 그의 대표작으로 손꼽히는 『신학대전』과 『대(對)이교도대전』은 방대한 분량에서 뿐만 아니라 명석한 사고와 논리를 바탕으로 서양 사상의 두 뿌리인 그리스 철학과 그리스도교를 성공적으로 종합해 냈다는 평가를 받기에 모자람이 없는 명저이기 때문이다. 더욱이 이러한 그의 사상적 지평은 시공을 초월한다는 의미에서 ‘영원의 철학’(philosophia perennis)라고 불리기까지 한다. // 특히나 서양 철학이 태동할 때 가장 먼저 물었던 “모든 사물은 어디서부터 기원하는가?”라는 물음에 대한 사유 지평에서 토마스 아퀴나스가 차지하는 위상을 살펴보면 그 독창성과 심오함을 엿볼 수 있다. 즉 그는 서양 형이상학의 전통에서 ‘존재’와 ‘본질’의 문제를 본격적으로 처음 전면에 부각시킨 철학자로 각인할 수 있기 때문이다. 왜냐하면 토마스 아퀴나스 이전 시기까지는 존재에 대한 물음이 ‘하나’(一)와 ‘많음’(多), ‘변화’와 ‘불변’(不變), 동(動)과 부동(不動)의 문제와 같이, 아직까지는 ‘존재’와 ‘본질’의 구별이 명확하게 제시되지 않고 있었기 때문이다. 토마스 아퀴나스는 이러한 문제의식을 바탕으로 아리스토텔레스(Aristoteles)의 철학적 유산과 당대 이슬람 사상의 최전선이었던 아비첸나(Avicenna)의 철학 방법론을 가져와 자신만의 독특한 형이상학 토대를 구축한다. //</subfield><subfield code="6">Kore</subfield></datafield><datafield tag="E21" ind1="-" ind2="1"><subfield code="t">이러한 토마스 아퀴나스 철학에 있어 『존재자와 본질』은 이 책의 번역자인 박승찬 교수(가톨릭대, 철학)의 언급대로, 토마스 사상의 세계로 들어가는 입문서의 역할을 할 뿐만 아니라 그의 전체 사상의 설계도 구실을 하기에, 이 텍스트를 제대로 이해한다면 방대한 그의 사유 체계 전반을 체계적으로 접하는 데 좋은 길잡이 역할을 할 수 있을 것이다. // 목차 (Inhaltsverzeichnis): 옮긴이 해제: 토마스 아퀴나스 전체 사상의 설계도 『존재자와 본질』 9 / 옮긴이의 말 49 / 서론 61 / 제1장 존재자와 본질 개념의 일반적 의미 83 / 제2장 복합 실체에서 발견되는 본질 139 / 제3장 본질의 유, 종, 종차에 대한 관계 211 / 제4장 단순 실체의 본질과 존재 257 / 제5장 신과 지성 존재들과 영혼의 본질과 특성 327 / 제6장 우유 385 / 참고문헌 439 / 토마스 아퀴나스 연보 465 / 찾아보기 467.</subfield><subfield code="6">Kore</subfield></datafield><datafield tag="540" ind1="a" ind2="1"><subfield code="a">978-89-6445-235-6</subfield><subfield code="b">Festeinband</subfield></datafield><datafield tag="902" ind1="-" ind2="1"><subfield code="s">Christliche Philosophie</subfield><subfield code="9">(DE-588)4113224-5</subfield></datafield><datafield tag="902" ind1="-" ind2="1"><subfield code="s">Theologie</subfield><subfield code="9">(DE-588)4059758-1</subfield></datafield><datafield tag="907" ind1="-" ind2="1"><subfield code="s">Scholastik</subfield><subfield code="9">(DE-588)4053169-7</subfield></datafield><datafield tag="907" ind1="-" ind2="1"><subfield code="p">Thomas</subfield><subfield code="c">von Aquin, Heiliger</subfield><subfield code="d">1225-1274</subfield><subfield code="9">(DE-588)118622110</subfield></datafield><datafield tag="912" ind1="-" ind2="1"><subfield code="s">Ontologie</subfield><subfield code="9">(DE-588)4075660-9</subfield></datafield><controlfield tag="SYS">037652256</controlfield><datafield tag="LOW" ind1="-" ind2="1"><subfield code="a">K1131</subfield></datafield><datafield tag="952" ind1="-" ind2="1"><subfield code="s">Christentum</subfield><subfield code="x">Philosophie</subfield></datafield><datafield tag="952" ind1="-" ind2="1"><subfield code="s">Christliche Theologie</subfield></datafield><datafield tag="957" ind1="-" ind2="1"><subfield code="s">Hochscholastik</subfield></datafield><datafield tag="957" ind1="-" ind2="1"><subfield code="p">Thomas</subfield><subfield code="c">von Aquin</subfield><subfield code="d">1225-1274</subfield></datafield><datafield tag="957" ind1="-" ind2="1"><subfield code="p">Thomas</subfield><subfield code="c">de Aquino, Heiliger</subfield><subfield code="d">1225-1274</subfield></datafield><datafield tag="957" ind1="-" ind2="1"><subfield code="p">Thomas</subfield><subfield code="c">de Aquino</subfield><subfield code="d">1225-1274</subfield></datafield><datafield tag="957" ind1="-" ind2="1"><subfield code="p">Thomas</subfield><subfield code="c">ab Aquino, Heiliger</subfield><subfield code="d">1225-1274</subfield></datafield><datafield tag="957" ind1="-" ind2="1"><subfield code="p">Thomas</subfield><subfield code="c">ab Aquino</subfield><subfield code="d">1225-1274</subfield></datafield><datafield tag="957" ind1="-" ind2="1"><subfield code="p">Doctor Angelicus</subfield><subfield code="d">1225-1274</subfield></datafield><datafield tag="957" ind1="-" ind2="1"><subfield code="p">Dottore angelico</subfield><subfield code="d">1225-1274</subfield></datafield><datafield tag="957" ind1="-" ind2="1"><subfield code="p">Thomas</subfield><subfield code="c">Akinatos, Heiliger</subfield><subfield code="d">1225-1274</subfield></datafield><datafield tag="957" ind1="-" ind2="1"><subfield code="p">Thomas</subfield><subfield code="c">Akuinatos, Heiliger</subfield><subfield code="d">1225-1274</subfield></datafield><datafield tag="957" ind1="-" ind2="1"><subfield code="p">Thomas</subfield><subfield code="c">Aquinatus, Heiliger</subfield><subfield code="d">1225-1274</subfield></datafield><datafield tag="957" ind1="-" ind2="1"><subfield code="p">Thomas</subfield><subfield code="c">Aquinas, Heiliger</subfield><subfield code="d">1225-1274</subfield></datafield><datafield tag="957" ind1="-" ind2="1"><subfield code="p">Thomas</subfield><subfield code="c">Aquinus, Heiliger</subfield><subfield code="d">1225-1274</subfield></datafield><datafield tag="957" ind1="-" ind2="1"><subfield code="p">Thomas</subfield><subfield code="c">Aquinatus, Sanctus</subfield><subfield code="d">1225-1274</subfield></datafield><datafield tag="957" ind1="-" ind2="1"><subfield code="p">Thōmas</subfield><subfield code="c">Akinatos, Heiliger</subfield><subfield code="d">1225-1274</subfield></datafield><datafield tag="957" ind1="-" ind2="1"><subfield code="p">Tommaso</subfield><subfield code="c">d&apos;Aquino, Heiliger</subfield><subfield code="d">1225-1274</subfield></datafield><datafield tag="957" ind1="-" ind2="1"><subfield code="p">Thomas</subfield><subfield code="c">von Aquino, Heiliger</subfield><subfield code="d">1225-1274</subfield></datafield><datafield tag="957" ind1="-" ind2="1"><subfield code="p">Thomas</subfield><subfield code="c">von Aquino</subfield><subfield code="d">1225-1274</subfield></datafield><datafield tag="957" ind1="-" ind2="1"><subfield code="p">Thomas</subfield><subfield code="c">Aquinatis, Heiliger</subfield><subfield code="d">1225-1274</subfield></datafield><datafield tag="957" ind1="-" ind2="1"><subfield code="p">Thomas</subfield><subfield code="c">d&apos;Aquin, Heiliger</subfield><subfield code="d">1225-1274</subfield></datafield><datafield tag="957" ind1="-" ind2="1"><subfield code="p">Thomas</subfield><subfield code="c">d&apos;Aquin, Saint</subfield><subfield code="d">1225-1274</subfield></datafield><datafield tag="957" ind1="-" ind2="1"><subfield code="p">Thomas</subfield><subfield code="c">de Aquinas, Heiliger</subfield><subfield code="d">1225-1274</subfield></datafield><datafield tag="957" ind1="-" ind2="1"><subfield code="p">Thomas</subfield><subfield code="c">Camisensis, Heiliger</subfield><subfield code="d">1225-1274</subfield></datafield><datafield tag="957" ind1="-" ind2="1"><subfield code="p">Tomás</subfield><subfield code="c">de Aquino, Heiliger</subfield><subfield code="d">1225-1274</subfield></datafield><datafield tag="957" ind1="-" ind2="1"><subfield code="p">Tomasz</subfield><subfield code="c">z Akwinu, Heiliger</subfield><subfield code="d">1225-1274</subfield></datafield><datafield tag="957" ind1="-" ind2="1"><subfield code="p">Thomas</subfield><subfield code="c">ho Akinatas, Heiliger</subfield><subfield code="d">1225-1274</subfield></datafield><datafield tag="957" ind1="-" ind2="1"><subfield code="p">Thomas</subfield><subfield code="c">Daqui, Heiliger</subfield><subfield code="d">1225-1274</subfield></datafield><datafield tag="957" ind1="-" ind2="1"><subfield code="p">Tommaso</subfield><subfield code="c">d&apos;Aquino, San</subfield><subfield code="d">1225-1274</subfield></datafield><datafield tag="957" ind1="-" ind2="1"><subfield code="p">Tommaso</subfield><subfield code="c">d&apos;Aquino</subfield><subfield code="d">1225-1274</subfield></datafield><datafield tag="957" ind1="-" ind2="1"><subfield code="p">Thomas</subfield><subfield code="c">Aquinas, Saint</subfield><subfield code="d">1225-1274</subfield></datafield><datafield tag="957" ind1="-" ind2="1"><subfield code="p">Tomás</subfield><subfield code="c">de Aquino, Santo</subfield><subfield code="d">1225-1274</subfield></datafield><datafield tag="957" ind1="-" ind2="1"><subfield code="p">Tūmā al-Akwīnī</subfield><subfield code="c">Heiliger</subfield><subfield code="d">1225-1274</subfield></datafield><datafield tag="957" ind1="-" ind2="1"><subfield code="p">Thomas</subfield><subfield code="c">Beatus</subfield><subfield code="d">1225-1274</subfield></datafield><datafield tag="957" ind1="-" ind2="1"><subfield code="p">Aquinatus, Thomas</subfield><subfield code="c">Heiliger</subfield><subfield code="d">1225-1274</subfield></datafield><datafield tag="957" ind1="-" ind2="1"><subfield code="p">Aquin, Thomas</subfield><subfield code="c">von, Heiliger</subfield><subfield code="d">1225-1274</subfield></datafield><datafield tag="957" ind1="-" ind2="1"><subfield code="p">Aquino, Thomas</subfield><subfield code="c">von, Heiliger</subfield><subfield code="d">1225-1274</subfield></datafield><datafield tag="957" ind1="-" ind2="1"><subfield code="p">Aquinas, Thomas</subfield><subfield code="c">de, Heiliger</subfield><subfield code="d">1225-1274</subfield></datafield><datafield tag="957" ind1="-" ind2="1"><subfield code="p">Aquino, Tommaso</subfield><subfield code="c">d&apos;, Heiliger</subfield><subfield code="d">1225-1274</subfield></datafield><datafield tag="957" ind1="-" ind2="1"><subfield code="p">Aquino, Thomas</subfield><subfield code="c">de, Heiliger</subfield><subfield code="d">1225-1274</subfield></datafield><datafield tag="957" ind1="-" ind2="1"><subfield code="p">Aquino, Tomás</subfield><subfield code="c">de, Heiliger</subfield><subfield code="d">1225-1274</subfield></datafield><datafield tag="957" ind1="-" ind2="1"><subfield code="p">Aquinas, Thomas</subfield><subfield code="c">Heiliger</subfield><subfield code="d">1225-1274</subfield></datafield><datafield tag="957" ind1="-" ind2="1"><subfield code="p">Aquinas, Thomas</subfield><subfield code="c">Saint</subfield><subfield code="d">1225-1274</subfield></datafield><datafield tag="957" ind1="-" ind2="1"><subfield code="p">Aquino, Tommaso Niccolò</subfield><subfield code="c">d&apos;, Heiliger</subfield><subfield code="d">1225-1274</subfield></datafield><datafield tag="957" ind1="-" ind2="1"><subfield code="p">Aquino, Tommaso N.</subfield><subfield code="c">d&apos;, Heiliger</subfield><subfield code="d">1225-1274</subfield></datafield><datafield tag="957" ind1="-" ind2="1"><subfield code="p">Akvinskij, Foma</subfield><subfield code="c">Heiliger</subfield><subfield code="d">1225-1274</subfield></datafield><datafield tag="957" ind1="-" ind2="1"><subfield code="p">Aquinas</subfield><subfield code="c">Heiliger</subfield><subfield code="d">1225-1274</subfield></datafield><datafield tag="957" ind1="-" ind2="1"><subfield code="p">Akwīnī, Tūmā</subfield><subfield code="c">al-, Heiliger</subfield><subfield code="d">1225-1274</subfield></datafield><datafield tag="957" ind1="-" ind2="1"><subfield code="p">Foma</subfield><subfield code="c">Akvinskij, Heiliger</subfield><subfield code="d">1225-1274</subfield></datafield><datafield tag="957" ind1="-" ind2="1"><subfield code="p">Daqui, Thomas</subfield><subfield code="c">Seut</subfield><subfield code="d">1225-1274</subfield></datafield><datafield tag="957" ind1="-" ind2="1"><subfield code="p">Pseudo-Thomas</subfield><subfield code="c">von Aquin</subfield><subfield code="d">1225-1274</subfield></datafield><datafield tag="957" ind1="-" ind2="1"><subfield code="p">Pseudo-Thomas</subfield><subfield code="c">Aquinas</subfield><subfield code="d">1225-1274</subfield></datafield><datafield tag="957" ind1="-" ind2="1"><subfield code="p">Pseudo-Thomas</subfield><subfield code="c">de Aquino</subfield><subfield code="d">1225-1274</subfield></datafield><datafield tag="957" ind1="-" ind2="1"><subfield code="p">Thomas</subfield><subfield code="c">Aquinas, Saint</subfield><subfield code="d">1225-1274</subfield></datafield><datafield tag="957" ind1="-" ind2="1"><subfield code="p">Ak&apos;vineli, T&apos;oma</subfield><subfield code="c">Saint</subfield><subfield code="d">1225-1274</subfield></datafield><datafield tag="957" ind1="-" ind2="1"><subfield code="p">Akvinietis, Tomas</subfield><subfield code="c">Saint</subfield><subfield code="d">1225-1274</subfield></datafield><datafield tag="957" ind1="-" ind2="1"><subfield code="p">Akvinskii, Foma</subfield><subfield code="c">Saint</subfield><subfield code="d">1225-1274</subfield></datafield><datafield tag="957" ind1="-" ind2="1"><subfield code="p">Aquinas</subfield><subfield code="d">1225-1274</subfield></datafield><datafield tag="957" ind1="-" ind2="1"><subfield code="p">Aquinas, Thomas</subfield><subfield code="c">Saint</subfield><subfield code="d">1225-1274</subfield></datafield><datafield tag="957" ind1="-" ind2="1"><subfield code="p">Foma</subfield><subfield code="c">Akvinskiĭ, Saint</subfield><subfield code="d">1225-1274</subfield></datafield><datafield tag="957" ind1="-" ind2="1"><subfield code="p">Thomas</subfield><subfield code="c">Aquinas, Saint</subfield><subfield code="d">1225-1274</subfield></datafield><datafield tag="957" ind1="-" ind2="1"><subfield code="p">Thomas</subfield><subfield code="c">av Aquino, Saint</subfield><subfield code="d">1225-1274</subfield></datafield><datafield tag="957" ind1="-" ind2="1"><subfield code="p">Thomas</subfield><subfield code="c">d&apos;Aquin, Saint</subfield><subfield code="d">1225-1274</subfield></datafield><datafield tag="957" ind1="-" ind2="1"><subfield code="p">Thomas</subfield><subfield code="c">von Aquin, Saint</subfield><subfield code="d">1225-1274</subfield></datafield><datafield tag="957" ind1="-" ind2="1"><subfield code="p">T&apos;oma</subfield><subfield code="c">Ak&apos;vineli, Saint</subfield><subfield code="d">1225-1274</subfield></datafield><datafield tag="957" ind1="-" ind2="1"><subfield code="p">Toma</subfield><subfield code="c">Akvinski, Saint</subfield><subfield code="d">1225-1274</subfield></datafield><datafield tag="957" ind1="-" ind2="1"><subfield code="p">Toma</subfield><subfield code="c">Akvinskii, Saint</subfield><subfield code="d">1225-1274</subfield></datafield><datafield tag="957" ind1="-" ind2="1"><subfield code="p">Toma</subfield><subfield code="c">Akvins&apos;kyi, Saint</subfield><subfield code="d">1225-1274</subfield></datafield><datafield tag="957" ind1="-" ind2="1"><subfield code="p">Toma</subfield><subfield code="c">ot Akvino, Saint</subfield><subfield code="d">1225-1274</subfield></datafield><datafield tag="957" ind1="-" ind2="1"><subfield code="p">Tomas</subfield><subfield code="c">Akvinietis, Saint</subfield><subfield code="d">1225-1274</subfield></datafield><datafield tag="957" ind1="-" ind2="1"><subfield code="p">Tomas</subfield><subfield code="c">de Aquino, Saint</subfield><subfield code="d">1225-1274</subfield></datafield><datafield tag="957" ind1="-" ind2="1"><subfield code="p">Tomasu</subfield><subfield code="c">Akuinasu, Saint</subfield><subfield code="d">1225-1274</subfield></datafield><datafield tag="957" ind1="-" ind2="1"><subfield code="p">Tomasu</subfield><subfield code="c">Akwinasu, Saint</subfield><subfield code="d">1225-1274</subfield></datafield><datafield tag="957" ind1="-" ind2="1"><subfield code="p">Tomasz</subfield><subfield code="c">Akwinu, Saint</subfield><subfield code="d">1225-1274</subfield></datafield><datafield tag="957" ind1="-" ind2="1"><subfield code="p">Tommaso</subfield><subfield code="c">d&apos;Aquino, Saint</subfield><subfield code="d">1225-1274</subfield></datafield><datafield tag="957" ind1="-" ind2="1"><subfield code="p">T&apos;ovma</subfield><subfield code="c">Ak&apos;uinats&apos;i Saint</subfield><subfield code="d">1225-1274</subfield></datafield><datafield tag="957" ind1="-" ind2="1"><subfield code="p">Thomas</subfield><subfield code="c">&apos;o Akinatos, Saint</subfield><subfield code="d">1225-1274</subfield></datafield><datafield tag="957" ind1="-" ind2="1"><subfield code="p">Thomas</subfield><subfield code="c">&apos;o Akinates, Saint</subfield><subfield code="d">1225-1274</subfield></datafield><datafield tag="957" ind1="-" ind2="1"><subfield code="p">Thomas</subfield><subfield code="c">&apos;o Akuinatos, Saint</subfield><subfield code="d">1225-1274</subfield></datafield><datafield tag="957" ind1="-" ind2="1"><subfield code="p">Thomas</subfield><subfield code="c">&apos;o Akuinates, Saint</subfield><subfield code="d">1225-1274</subfield></datafield><datafield tag="957" ind1="-" ind2="1"><subfield code="p">Tomás</subfield><subfield code="c">de Aquino, Saint</subfield><subfield code="d">1225-1274</subfield></datafield><datafield tag="957" ind1="-" ind2="1"><subfield code="p">Aquin, Thomas &lt;&lt;von&gt;&gt;</subfield><subfield code="d">1225-1274</subfield></datafield><datafield tag="957" ind1="-" ind2="1"><subfield code="p">Aquino, Thomas &lt;&lt;von&gt;&gt;</subfield><subfield code="d">1225-1274</subfield></datafield><datafield tag="957" ind1="-" ind2="1"><subfield code="p">Тома</subfield><subfield code="c">Аквінський, Saint</subfield><subfield code="d">1225-1274</subfield></datafield><datafield tag="957" ind1="-" ind2="1"><subfield code="p">Pתומאס אקווינאס</subfield><subfield code="d">1225-1274</subfield></datafield><datafield tag="957" ind1="-" ind2="1"><subfield code="p">Pתומס אקווינס</subfield><subfield code="d">1225-1274</subfield></datafield><datafield tag="957" ind1="-" ind2="1"><subfield code="p">اكويني ، توما</subfield><subfield code="d">1225-1274</subfield></datafield><datafield tag="957" ind1="-" ind2="1"><subfield code="U">Hant</subfield><subfield code="p">阿奎那, 聖托馬斯</subfield><subfield code="d">1225-1274</subfield></datafield><datafield tag="962" ind1="-" ind2="1"><subfield code="s">Seinslehre</subfield></datafield><datafield tag="962" ind1="-" ind2="1"><subfield code="s">Seinsphilosophie</subfield></datafield><datafield tag="088" ind1=" " ind2=" "><subfield code="a">38/432</subfield><subfield code="b">00432001</subfield><subfield code="c">432/C5T/210/Ko</subfield><subfield code="e">keine ILL</subfield></datafield></record></metadata></record></ListRecords></OAI-PMH>